<?xml version="1.0" encoding="UTF-8"?><collection><record><leader>07172ntm a2200829 a 4500</leader><controlfield tag="001">006825743</controlfield><controlfield tag="003">MiAaHDL</controlfield><controlfield tag="005">20190719000000.0</controlfield><controlfield tag="006">m        d        </controlfield><controlfield tag="007">cr bn ---auaua</controlfield><controlfield tag="008">090626s193u    xx            00| ||ara d</controlfield><datafield tag="035" ind1=" " ind2=" "><subfield code="a">(MiU)006825743</subfield></datafield><datafield tag="035" ind1=" " ind2=" "><subfield code="a">sdr-miu006825743</subfield></datafield><datafield tag="040" ind1=" " ind2=" "><subfield code="a">MiU</subfield><subfield code="c">MiU</subfield><subfield code="e">amremm</subfield></datafield><datafield tag="043" ind1=" " ind2=" "><subfield code="a">n-us-mi</subfield></datafield><datafield tag="245" ind1="0" ind2="0"><subfield code="6">880-03</subfield><subfield code="a">[Madkhal al-falsafah al-ʻaṣrīyah ...etc.,</subfield><subfield code="f">193-?].</subfield></datafield><datafield tag="246" ind1="3" ind2=" "><subfield code="i">Title from heading at opening on p.2:</subfield><subfield code="a">مدخل الفلسفة العصرية مذهب التحقق الحديث</subfield></datafield><datafield tag="260" ind1=" " ind2=" "><subfield code="c">[193-?].</subfield></datafield><datafield tag="300" ind1=" " ind2=" "><subfield code="a">208 leaves :</subfield><subfield code="b">paper ;</subfield><subfield code="c">311 x 210 mm. bound to 321 x 220 mm.</subfield></datafield><datafield tag="500" ind1=" " ind2=" "><subfield code="a">Shelfmark: Ann Arbor, University of Michigan, Special Collections Library, Isl. Ms. 933</subfield></datafield><datafield tag="500" ind1=" " ind2=" "><subfield code="a">Origin: Lacks dated colophon ; likely copied in Egypt in the late 1930s and bound for James Heyworth-Dunne (d.1974).</subfield></datafield><datafield tag="500" ind1=" " ind2=" "><subfield code="a">Former shelfmark: Mich. Isl. Ms. temp. no. 82</subfield></datafield><datafield tag="500" ind1=" " ind2=" "><subfield code="a">Binding: Boards covered in green cloth with dark green leather over spine (quarter binding) ; pastedowns and flyleaves in wove paper printed with a floral vegetal pattern in green ; spine gold-stamped with title and decorative accents over raised bands "مدخل الفلسفة العصرية | J.H.D." ; sewing difficult to examine ; stuck-on endbands (blue and white stripe) ; overall in fairly good condition.</subfield></datafield><datafield tag="500" ind1=" " ind2=" "><subfield code="a">Support: Lined / ruled wove paper.</subfield></datafield><datafield tag="500" ind1=" " ind2=" "><subfield code="a">Script: Ruqʻah ; compact hand in a thin to bold line (line thickness changes) ; serifless and freely ligatured with slight effect of tilt to the right and of words descending to baseline, mainly closed counters, pointing in strokes rather than distinct dots.</subfield></datafield><datafield tag="500" ind1=" " ind2=" "><subfield code="a">Layout: Written mainly in 27 lines per page.</subfield></datafield><datafield tag="500" ind1=" " ind2=" "><subfield code="a">Collation: Pages between sections left blank, some to serve as work / section 'title pages' (see pp.1, 73, 145, 165, 185, 201, 217, 225, 245, 265, 285, 301, 321, 341, 361, 377) ; quire numbering in the form of Hindu-Arabic numerals with letter ك for a couple of quires in second work (see p.89 and p.105) ; pagination in black ink, Hindu-Arabic numerals, in opening two works (through p.108), distinct for each ; pagination in pencil, Western numerals, supplied during digitization (mistakenly follows p.231 with p.223 and thereafter off by eight pages).</subfield></datafield><datafield tag="500" ind1=" " ind2=" "><subfield code="a">Explicit: "وانها ذات وجود خاص بنفسها فقط انتهت هذه النبذة المنطقية الهيجلية"</subfield></datafield><datafield tag="500" ind1=" " ind2=" "><subfield code="a">Incipit: "مقدمة ان المصاعب التي تحيط بهمة تقديم صورة عامة عن مذهب التحقق المعاصر في مقام دقيق ومجال قصير لجيرة خطيرة جدا والسبب في ذلك غالبا يرجع الى ان مذهب التحقق هذا ليس كلا تعليم منظم ..."</subfield></datafield><datafield tag="500" ind1=" " ind2=" "><subfield code="a">Title from inscription on 'title page' (p.1).</subfield></datafield><datafield tag="500" ind1=" " ind2=" "><subfield code="a">Ms. codex.</subfield></datafield><datafield tag="505" ind1="0" ind2=" "><subfield code="a">11. p.377-p.423 : Nutfah min manṭiq Hayjal.</subfield></datafield><datafield tag="505" ind1="0" ind2=" "><subfield code="a">10. p.376 : [blank].</subfield></datafield><datafield tag="505" ind1="0" ind2=" "><subfield code="a">9. p.145-p.375 : [possible continuation of Madkhal al-falsafah al-ʻaṣrīyah, or another work on modern philosophy, in fourteen sections beginning with the second].</subfield></datafield><datafield tag="505" ind1="0" ind2=" "><subfield code="a">8. p.144 : [blank].</subfield></datafield><datafield tag="505" ind1="0" ind2=" "><subfield code="a">7. p.141-p.143 : Min awāʼil Risālat al-Mashāʻir al-Ṣadrīyah / Muḥammad ibn Ibrāhīm Ṣadr al-Dīn Shīrāzī.</subfield></datafield><datafield tag="505" ind1="0" ind2=" "><subfield code="a">6. p.140-p.141 : Min ʻUyūn al-masāʼil / lil-Muʻallim al-Thānī.</subfield></datafield><datafield tag="505" ind1="0" ind2=" "><subfield code="a">5. p.139-p.140 : Min Kitāb al-Nushūʼ al-ibdāʻī / taʼlīf Hinrī Bīrjisūn.</subfield></datafield><datafield tag="505" ind1="0" ind2=" "><subfield code="a">4. p.129-p.139 : Min Tārīkh Rānd fī ʻumad mutaʼakhkhirī al-ḥukamāʼ.</subfield></datafield><datafield tag="505" ind1="0" ind2=" "><subfield code="a">3. p.73-p.128 : Talkhīṣ Kutub Arisṭū al-ṭabīʻīyah / Ibn Rushd.</subfield></datafield><datafield tag="505" ind1="0" ind2=" "><subfield code="a">2. p.72 : [blank].</subfield></datafield><datafield tag="505" ind1="0" ind2=" "><subfield code="a">1. p.1-p.71 : Madkhal al-falsafah al-ʻaṣrīyah.</subfield></datafield><datafield tag="520" ind1="8" ind2=" "><subfield code="a">Careful copy of a collective volume (majmūʻah) of philosophical works, chiefly comprising an Arabic work on modern philosophy addressing Kant, Fichte, Herbart, Schopenhauer, Hegel, Hartmann, etc. interspersed (perhaps intentionally) with excerpts from Ibn Rushd's (Abū al-Walīd Muḥammad ibn Aḥmad, al-Ḥafīd, known in the West as Averroës) celebrated shorter commentaries on Aristotle's treatises on the natural sciences and a selection of excerpts addressing Benjamin Rand's (1856-1934) Modern classical philosophers, Henri Bergson's (1859–1941) Evolution créatrice, al-Fārābī's ʻUyūn al-masāʼil, and Ṣadr al-Dīn Shīrāzī's Kitāb al-Mashāʻir (compare the contents of Isl. Ms. 972), and finally closing with a brief excerpt (in Arabic) from Hegel's Logic (Wissenschaft der Logik).</subfield></datafield><datafield tag="538" ind1=" " ind2=" "><subfield code="a">Mode of access: Internet.</subfield></datafield><datafield tag="541" ind1=" " ind2=" "><subfield code="a">Acquired in the Fall of 1950.</subfield></datafield><datafield tag="546" ind1=" " ind2=" "><subfield code="a">Arabic.</subfield></datafield><datafield tag="561" ind1=" " ind2=" "><subfield code="a">On upper pastedown, label with ex libris of James Heyworth-Dunne (d.1974), stamped with inventory number, "Ex Libris | J. Heyworth-Dunne | D. Lit. (London) | No 7974" ; UM Library inscription on verso of front flyleaf "Dunning | Heyworth-Dunne | 6-11-51 | 71955" ; possible former inventory mark in pencil on verso of final leaf (p.424) "231 / 53" ; marginal glosses.</subfield></datafield><datafield tag="600" ind1="1" ind2="0"><subfield code="a">Hegel, Georg Wilhelm Friedrich,</subfield><subfield code="d">1770-1831.</subfield></datafield><datafield tag="600" ind1="0" ind2="0"><subfield code="a">Aristotle.</subfield><subfield code="t">De caelo.</subfield></datafield><datafield tag="600" ind1="0" ind2="0"><subfield code="a">Aristotle.</subfield><subfield code="t">Physics.</subfield></datafield><datafield tag="650" ind1=" " ind2="0"><subfield code="a">Manuscripts, Arabic</subfield><subfield code="z">Michigan</subfield><subfield code="z">Ann Arbor.</subfield></datafield><datafield tag="650" ind1=" " ind2="0"><subfield code="a">Philosophy, Modern.</subfield></datafield><datafield tag="700" ind1="1" ind2=" "><subfield code="a">Heyworth-Dunne, J.</subfield><subfield code="q">(James),</subfield><subfield code="e">former owner.</subfield></datafield><datafield tag="700" ind1="1" ind2="2"><subfield code="a">Hegel, Georg Wilhelm Friedrich,</subfield><subfield code="d">1770-1831.</subfield><subfield code="t">Wissenschaft der Logik.</subfield><subfield code="k">Selections.</subfield><subfield code="l">Arabic.</subfield></datafield><datafield tag="700" ind1="1" ind2="2"><subfield code="6">880-07</subfield><subfield code="a">Ṣadr al-Dīn Shīrāzī, Muḥammad ibn Ibrāhīm,</subfield><subfield code="d">-1641.</subfield><subfield code="t">Mashāʻir.</subfield><subfield code="k">Selections.</subfield></datafield><datafield tag="700" ind1="0" ind2="2"><subfield code="6">880-06</subfield><subfield code="a">Fārābī.</subfield><subfield code="t">ʻUyūn al-masāʼil.</subfield><subfield code="k">Selections.</subfield></datafield><datafield tag="700" ind1="1" ind2="2"><subfield code="a">Bergson, Henri,</subfield><subfield code="d">1859-1941.</subfield><subfield code="t">Evolution créatrice.</subfield><subfield code="l">Arabic.</subfield><subfield code="k">Selections.</subfield></datafield><datafield tag="700" ind1="1" ind2="2"><subfield code="a">Rand, Benjamin,</subfield><subfield code="d">1856-1934.</subfield><subfield code="t">Modern classical philosophers.</subfield><subfield code="l">Arabic.</subfield><subfield code="k">Selections</subfield></datafield><datafield tag="700" ind1="0" ind2="2"><subfield code="6">880-05</subfield><subfield code="a">Averroës,</subfield><subfield code="d">1126-1198.</subfield><subfield code="t">Talkhīṣ al-samāʾ wa-al-ʻālam.</subfield></datafield><datafield tag="700" ind1="0" ind2="2"><subfield code="6">880-04</subfield><subfield code="a">Averroës,</subfield><subfield code="d">1126-1198.</subfield><subfield code="t">Talkhīṣ al-samāʻ al-ṭabīʻī.</subfield></datafield><datafield tag="740" ind1="0" ind2="2"><subfield code="a">نتفة من منطق هيجل</subfield></datafield><datafield tag="740" ind1="0" ind2="2"><subfield code="a">من اوائل رسالة المشاعر الصدرية</subfield></datafield><datafield tag="740" ind1="0" ind2="2"><subfield code="a">من عيون المسائل للمعلم الثاني</subfield></datafield><datafield tag="740" ind1="0" ind2="2"><subfield code="a">من كتاب النشوء الابداعي تأليف هنري بيرجسون الفيلسوف الفرنسي</subfield></datafield><datafield tag="740" ind1="0" ind2="2"><subfield code="a">من تاريخ راند في عمد متأخري الحكماء</subfield></datafield><datafield tag="740" ind1="0" ind2="2"><subfield code="a">تلخيص كتب ارسطو الطبيعية</subfield></datafield><datafield tag="773" ind1="0" ind2=" "><subfield code="a">Heyworth-Dunne Collection.</subfield></datafield><datafield tag="880" ind1="1" ind2="2"><subfield code="6">700-07/</subfield><subfield code="a">صدر الدين شيرازي، محمد بن ابراهيم.</subfield><subfield code="t">مشاعر.</subfield><subfield code="k">مختارات</subfield></datafield><datafield tag="880" ind1="0" ind2="2"><subfield code="6">700-06/</subfield><subfield code="a">فارابي.</subfield><subfield code="t">عيون المسائل.</subfield><subfield code="k">مختارات</subfield></datafield><datafield tag="880" ind1="0" ind2="2"><subfield code="6">700-05/</subfield><subfield code="a">ابن رشد.</subfield><subfield code="t">تلخيص السماع والعالم.</subfield></datafield><datafield tag="880" ind1="0" ind2="2"><subfield code="6">700-04/</subfield><subfield code="a">ابن رشد.</subfield><subfield code="t">تلخيص السماع الطبيعي.</subfield></datafield><datafield tag="880" ind1="0" ind2="0"><subfield code="6">245-03/</subfield><subfield code="a">[مدخل الفلسفة العصرية ...الخ,</subfield><subfield code="f">193-م?].</subfield></datafield><datafield tag="CID" ind1=" " ind2=" "><subfield code="a">006825743</subfield></datafield><datafield tag="DAT" ind1="0" ind2=" "><subfield code="a">20190719102640.0</subfield><subfield code="b">20190719000000.0</subfield></datafield><datafield tag="DAT" ind1="1" ind2=" "><subfield code="a">20190719090653.0</subfield><subfield code="b">2019-07-19T16:11:23Z</subfield></datafield><datafield tag="DAT" ind1="2" ind2=" "><subfield code="a">2015-10-02T18:00:03Z</subfield></datafield><datafield tag="CAT" ind1=" " ind2=" "><subfield code="a">SDR-MIU</subfield><subfield code="d">EX LIBRIS - ALEPH</subfield><subfield code="l">prepare.pl-004-008</subfield></datafield><datafield tag="FMT" ind1=" " ind2=" "><subfield code="a">BK</subfield></datafield><datafield tag="HOL" ind1=" " ind2=" "><subfield code="0">sdr-miu006825743</subfield><subfield code="a">MiU</subfield><subfield code="b">SDR</subfield><subfield code="c">MIU</subfield><subfield code="p">mdp.39015079131143</subfield><subfield code="s">MIU</subfield><subfield code="1">006825743</subfield></datafield><datafield tag="974" ind1=" " ind2=" "><subfield code="b">MIU</subfield><subfield code="c">MIU</subfield><subfield code="d">20190719</subfield><subfield code="s">lit-dlps-dc</subfield><subfield code="u">mdp.39015079131143</subfield><subfield code="y">1939</subfield><subfield code="r">ic-world</subfield><subfield code="q">man</subfield></datafield></record></collection>